<record><leader>00000cas a2200000 a 4500</leader><controlfield tag="001">10222020</controlfield><controlfield tag="008">831215d18171822vaudn ne      0    0eng c</controlfield><datafield ind1=" " ind2=" " tag="010"><subfield code="a">sn 83026170 </subfield></datafield><datafield ind1=" " ind2=" " tag="040"><subfield code="a">NPV</subfield><subfield code="b">eng</subfield><subfield code="c">NPV</subfield><subfield code="d">NPX</subfield><subfield code="d">NPA</subfield><subfield code="d">DLC</subfield><subfield code="d">NPI</subfield><subfield code="d">NJW</subfield><subfield code="d">KNP</subfield><subfield code="d">MFN</subfield><subfield code="d">NYS</subfield><subfield code="d">KNP</subfield><subfield code="d">MGN</subfield><subfield code="d">NVK</subfield><subfield code="d">OCL</subfield><subfield code="d">CVF</subfield><subfield code="d">DLC</subfield><subfield code="d">KRTAS</subfield><subfield code="d">DLC</subfield><subfield code="d">OCLCQ</subfield><subfield code="d">OCLCF</subfield></datafield><datafield ind1=" " ind2=" " tag="042"><subfield code="a">pcc</subfield></datafield><datafield ind1=" " ind2=" " tag="043"><subfield code="a">n-us-va</subfield></datafield><datafield ind1="0" ind2="0" tag="050"><subfield code="a">Newspaper</subfield></datafield><datafield ind1=" " ind2=" " tag="052"><subfield code="a">3883</subfield><subfield code="b">A8</subfield></datafield><datafield ind1="0" ind2="0" tag="245"><subfield code="a">Alexandria gazette &amp; daily advertiser.</subfield></datafield><datafield ind1="3" ind2="0" tag="246"><subfield code="a">Alexandria gazette and daily advertiser</subfield></datafield><datafield ind1="1" ind2="3" tag="246"><subfield code="a">Gazette and Alexandria daily advertiser</subfield><subfield code="f">&lt;Feb. 4, 1819, Oct. 17, 1821&gt;</subfield></datafield><datafield ind1=" " ind2=" " tag="260"><subfield code="a">Alexandria [Va.] :</subfield><subfield code="b">Samuel Snowden,</subfield><subfield code="c">1817-1822.</subfield></datafield><datafield ind1=" " ind2=" " tag="300"><subfield code="a">v.</subfield></datafield><datafield ind1=" " ind2=" " tag="310"><subfield code="a">Daily (except Sunday)</subfield></datafield><datafield ind1="0" ind2=" " tag="362"><subfield code="a">Vol. 17, no. 4915 (May 14, 1817)-v. 22, no. 6205 (Mar. 30, 1822).</subfield></datafield><datafield ind1=" " ind2=" " tag="530"><subfield code="a">Also issued on microopaque from Readex Microprint Corp., and on microfilm from Library of Congress Photoduplication Service.</subfield></datafield><datafield ind1=" " ind2="0" tag="651"><subfield code="a">Alexandria (Va.)</subfield><subfield code="v">Newspapers.</subfield></datafield><datafield ind1=" " ind2="7" tag="655"><subfield code="a">Newspapers.</subfield><subfield code="2">fast</subfield><subfield code="0">(OCoLC)fst01423814</subfield></datafield><datafield ind1=" " ind2="7" tag="651"><subfield code="a">Virginia</subfield><subfield code="z">Alexandria.</subfield><subfield code="2">fast</subfield><subfield code="0">(OCoLC)fst01206236</subfield></datafield><datafield ind1=" " ind2=" " tag="752"><subfield code="a">United States</subfield><subfield code="b">Virginia</subfield><subfield code="d">Alexandria.</subfield></datafield><datafield ind1="0" ind2="0" tag="780"><subfield code="t">Alexandria gazette, commercial and political</subfield><subfield code="w">(DLC)sn 84024014</subfield><subfield code="w">(OCoLC)10284160</subfield></datafield><datafield ind1="0" ind2="0" tag="785"><subfield code="t">Alexandria gazette (Alexandria, Va. : 1822)</subfield><subfield code="w">(DLC)sn 86071520</subfield><subfield code="w">(OCoLC)13590578</subfield></datafield><datafield ind1=" " ind2=" " tag="938"><subfield code="a">Kirtas Technologies, Inc.</subfield><subfield code="b">KRTS</subfield><subfield code="n">737966</subfield></datafield></record>